<record xmlns="http://www.loc.gov/MARC21/slim" xmlns:xsi="http://www.w3.org/2001/XMLSchema-instance" xsi:schemaLocation="http://www.loc.gov/MARC21/slim http://www.loc.gov/standards/marcxml/schema/MARC21slim.xsd"><leader>     nam a22        4500</leader><controlfield tag="001">3054982</controlfield><controlfield tag="003">NNC</controlfield><controlfield tag="006">m        d        </controlfield><controlfield tag="007">cr cn |||m|||a</controlfield><controlfield tag="008">150313s1925    sy      o     000 0 ara d</controlfield><datafield ind1=" " ind2=" " tag="040"><subfield code="a">NNU</subfield><subfield code="b">eng</subfield><subfield code="e">rda</subfield><subfield code="c">NNU</subfield></datafield><datafield ind1="1" ind2=" " tag="100"><subfield code="a">Qudsi&#772;, H&#803;usa&#772;m al-Di&#772;n.</subfield></datafield><datafield ind1="1" ind2="0" tag="245"><subfield code="a">Intiqa&#772;d al-Mughni&#772; &#699;an al-h&#803;ifz&#803; wa-al-kita&#772;b bi-qawlihim lam yas&#803;ah&#803;h&#803; shay&#700;un min al-ah&#803;a&#772;di&#772;th fi&#772; ha&#772;da&#772; al-ba&#772;b /</subfield><subfield code="c">qat&#803;afahu H&#803;usa&#772;m al-Di&#772;n al-Qudsi&#772;.</subfield></datafield><datafield ind1="1" ind2="4" tag="246"><subfield code="a">Intiqa&#772;d al-Mughni&#772; wa-baya&#772;n an la&#772; ghana&#772;&#700; &#699;an al-h&#803;ifz&#803; wa-al-kita&#772;b</subfield></datafield><datafield ind1="3" ind2=" " tag="246"><subfield code="a">Tanki&#772;t wa-al-ifa&#772;dah fi&#772; takhri&#772;j ah&#803;a&#772;di&#772;th kha&#772;timat sifr al-sa&#699;a&#772;dah</subfield></datafield><datafield ind1=" " ind2=" " tag="260"><subfield code="a">Dimashq :</subfield><subfield code="b">Mat&#803;ba&#699;at al-Taraqqi&#772;,</subfield><subfield code="c">1925.</subfield></datafield><datafield ind1=" " ind2=" " tag="300"><subfield code="a">online resource (56 pages)</subfield></datafield><datafield ind1=" " ind2=" " tag="336"><subfield code="a">text</subfield><subfield code="2">rdacontent</subfield></datafield><datafield ind1=" " ind2=" " tag="337"><subfield code="a">computer</subfield><subfield code="2">rdamedia</subfield></datafield><datafield ind1=" " ind2=" " tag="338"><subfield code="a">online resource</subfield><subfield code="2">rdacarrier</subfield></datafield><datafield ind1=" " ind2=" " tag="500"><subfield code="a">Part of the Arabic Collections Online (ACO) project, contributed by Columbia University Libraries.</subfield></datafield><datafield ind1=" " ind2=" " tag="533"><subfield code="a">Electronic reproduction.</subfield><subfield code="b">New York, N.Y. :</subfield><subfield code="c">New York University,</subfield><subfield code="d">2015.</subfield><subfield code="5">NNU</subfield></datafield><datafield ind1="1" ind2="0" tag="600"><subfield code="a">Maws&#803;ili&#772;, &#699;Umar ibn Badr,</subfield><subfield code="d">1161 or 1162-1225 or 1226.</subfield><subfield code="t">Mughni&#772; &#699;an al-h&#803;ifz&#803; wa-al-kita&#772;b.</subfield></datafield><datafield ind1=" " ind2="0" tag="650"><subfield code="a">Hadith</subfield><subfield code="x">Criticism, interpretation, etc.</subfield></datafield><datafield ind1="1" ind2="2" tag="700"><subfield code="a">Himma&#772;t&#697;za&#772;dah, Muh&#803;ammad ibn H&#803;asan,</subfield><subfield code="d">1680 or 1681-1761 or 1762.</subfield><subfield code="t">Tanki&#772;t wa-al-ifa&#772;dah fi&#772; takhri&#772;j ah&#803;a&#772;di&#772;th kha&#772;timat sifr al-sa&#699;a&#772;dah.</subfield></datafield><datafield ind1="2" ind2=" " tag="710"><subfield code="a">Columbia University.</subfield><subfield code="b">Libraries.</subfield></datafield><datafield ind1="0" ind2=" " tag="730"><subfield code="a">Arabic Collections Online.</subfield></datafield><datafield ind1="0" ind2="8" tag="776"><subfield code="i">Print version:</subfield><subfield code="a">Qudsi&#772;, H&#803;usa&#772;m al-Di&#772;n.</subfield><subfield code="t">Intiqa&#772;d al-Mughni&#772; &#699;an al-h&#803;ifz&#803; wa-al-kita&#772;b bi-qawlihim lam yas&#803;ah&#803;h&#803; shay&#700;un min al-ah&#803;a&#772;di&#772;th fi&#772; ha&#772;da&#772; al-ba&#772;b</subfield><subfield code="w">(NNC)3054982</subfield><subfield code="w">(OCoLC)35048729</subfield></datafield><datafield ind1="4" ind2="0" tag="856"><subfield code="u">http://hdl.handle.net/2333.1/cnp5hsqv</subfield></datafield><datafield ind1=" " ind2=" " tag="959"><subfield code="a">NNU</subfield><subfield code="b">WEB</subfield><subfield code="c">GENI</subfield><subfield code="t">0</subfield><subfield code="m">Electronic access</subfield><subfield code="s">01</subfield></datafield><datafield ind1=" " ind2=" " tag="999"><subfield code="i">NNC_3054982</subfield><subfield code="o">(OCoLC)ocm35048729 </subfield><subfield code="s">columbia_aco000568</subfield><subfield code="e">(ERROR-880)</subfield></datafield></record>